<record><leader>00000cas a22000007a 4500</leader><controlfield tag="001">19893202</controlfield><controlfield tag="008">890619d19071910moudn ne      0    0eng d</controlfield><datafield ind1=" " ind2=" " tag="010"><subfield code="a">sn 89066308 </subfield></datafield><datafield ind1=" " ind2=" " tag="040"><subfield code="a">MQN</subfield><subfield code="b">eng</subfield><subfield code="c">MQN</subfield><subfield code="d">OCLCQ</subfield></datafield><datafield ind1=" " ind2=" " tag="042"><subfield code="a">msc</subfield></datafield><datafield ind1="0" ind2=" " tag="130"><subfield code="a">Maryville republican (Maryville, Mo. : Daily ed.)</subfield></datafield><datafield ind1="1" ind2="4" tag="245"><subfield code="a">The Maryville republican.</subfield></datafield><datafield ind1=" " ind2=" " tag="250"><subfield code="a">Daily ed.</subfield></datafield><datafield ind1=" " ind2=" " tag="260"><subfield code="a">Maryville, Mo. :</subfield><subfield code="b">Dan McFarland,</subfield><subfield code="c">1907-1910.</subfield></datafield><datafield ind1=" " ind2=" " tag="300"><subfield code="a">v.</subfield></datafield><datafield ind1=" " ind2=" " tag="310"><subfield code="a">Daily (except Sun.)</subfield></datafield><datafield ind1="0" ind2=" " tag="362"><subfield code="a">Vol. 1, no. 1 (Oct. 21, 1907)-v. 3, no. 194 (June 3, 1910).</subfield></datafield><datafield ind1=" " ind2=" " tag="580"><subfield code="a">Became: Democrat-forum (Maryville, Mo. : Daily) when Maryville republican (Maryville, Mo. : Weekly) merged with: Nodaway democrat (Maryville, Mo. : 1870), and: Nodaway forum, to form: Democrat-forum (Maryville, Mo. : Weekly ed.).</subfield></datafield><datafield ind1=" " ind2="4" tag="651"><subfield code="a">Maryville (Mo.)</subfield><subfield code="v">Newspapers.</subfield></datafield><datafield ind1=" " ind2=" " tag="752"><subfield code="a">United States</subfield><subfield code="b">Missouri</subfield><subfield code="c">Nodaway</subfield><subfield code="d">Maryville.</subfield></datafield><datafield ind1="0" ind2=" " tag="775"><subfield code="t">Maryville republican (Maryville, Mo. : Weekly ed.)</subfield><subfield code="w">(DLC)sn 89066034</subfield></datafield><datafield ind1="1" ind2="0" tag="785"><subfield code="t">Democrat-forum (Maryville, Mo. : Daily)</subfield><subfield code="w">(DLC)sn 89066022</subfield></datafield></record>